@book{GESTALT,
  author    = {Celia Hodent},
  editor    = {Newton Lee},
  title     = {Cognitive Psychology Applied to User Experience in Video Games},
  booktitle = {Encyclopedia of Computer Graphics and Games},
  publisher = {Springer},
  year      = {2019},
  url       = {https://doi.org/10.1007/978-3-319-08234-9\_53-1},
  doi       = {10.1007/978-3-319-08234-9\_53-1},
  timestamp = {Fri, 21 Feb 2020 17:10:47 +0100},
  biburl    = {https://dblp.org/rec/reference/ecgg/Hodent19.bib},
  bibsource = {dblp computer science bibliography, https://dblp.org}
}

@book{HUD,
  author = {Erik Fagerholt and Magnus Lorentzon},
  year = {2009},
  title = {Beyond the HUD
User Interfaces for Increased Player Immersion in FPS Games},
  publisher = {CHALMERS UNIVERSITY OF TECHNOLOGY},
  address = {GÃ¶teborg, Sweden}
}

@book{CBRLibro,
  author    = {Michael M. Richter and
               Rosina O. Weber},
  title     = {Case-Based Reasoning - {A} Textbook},
  publisher = {Springer},
  year      = {2013},
  url       = {https://doi.org/10.1007/978-3-642-40167-1},
  doi       = {10.1007/978-3-642-40167-1},
  isbn      = {978-3-642-40166-4},
  timestamp = {Tue, 16 May 2017 14:01:33 +0200},
  biburl    = {https://dblp.org/rec/books/daglib/0032926.bib},
  bibsource = {dblp computer science bibliography, https://dblp.org}
}

@book{CBR-UI,
  author    = {Dwi H. Widyantoro, U. Ungkawa,  Bayu Hendradjaya},
  title     = {Case-based Reasoning Approach for Form Interface Design},
  publisher = {Institute of Electrical and Electronics Engineers},
  year      = {2014},
  doi       = {10.1109/ICODSE.2014.7062690},
  isbn      = {978-1-4799-7996-7},
  timestamp = {26-27 Nov. 2014},
  address = {Bandung, Indonesia}
}